<record><leader>00000cas a22000007a 4500</leader><controlfield tag="001">22174058</controlfield><controlfield tag="008">900803d19561960nyudn ne      0    0eng d</controlfield><controlfield tag="009">550</controlfield><datafield ind1=" " ind2=" " tag="010"><subfield code="a">sn 90066256 </subfield></datafield><datafield ind1=" " ind2=" " tag="040"><subfield code="a">NYS</subfield><subfield code="b">eng</subfield><subfield code="c">NYS</subfield><subfield code="d">OCLCQ</subfield></datafield><datafield ind1="1" ind2=" " tag="029"><subfield code="a">AU@</subfield><subfield code="b">000025864731</subfield></datafield><datafield ind1=" " ind2=" " tag="042"><subfield code="a">msc</subfield></datafield><datafield ind1="0" ind2="4" tag="245"><subfield code="a">The Middletown daily record.</subfield></datafield><datafield ind1=" " ind2=" " tag="260"><subfield code="a">Middletown, N.Y. :</subfield><subfield code="b">Community Newspaper Pub. Inc.,</subfield><subfield code="c">1956-1960.</subfield></datafield><datafield ind1=" " ind2=" " tag="300"><subfield code="a">v.</subfield></datafield><datafield ind1=" " ind2=" " tag="310"><subfield code="a">Daily (except Saturday and Sunday),</subfield><subfield code="b">Nov. 5, 1956-Sept. 30, 1960</subfield></datafield><datafield ind1=" " ind2=" " tag="321"><subfield code="a">Daily (except Saturday),</subfield><subfield code="b">July 30-Nov. 4, 1956</subfield></datafield><datafield ind1="0" ind2=" " tag="362"><subfield code="a">Vol. 1, no. 1 (July 30, 1956)-v. 5, no. 41 (Sept. 30, 1960).</subfield></datafield><datafield ind1=" " ind2="4" tag="651"><subfield code="a">Middletown (N.Y.)</subfield><subfield code="v">Newspapers.</subfield></datafield><datafield ind1=" " ind2=" " tag="752"><subfield code="a">United States</subfield><subfield code="b">New York</subfield><subfield code="c">Orange</subfield><subfield code="d">Middletown.</subfield></datafield><datafield ind1="0" ind2="7" tag="785"><subfield code="t">Middletown times herald</subfield><subfield code="w">(DLC)sn 86090517</subfield><subfield code="w">(OCoLC)14979636</subfield></datafield><datafield ind1="0" ind2="7" tag="785"><subfield code="t">Middletown times herald record</subfield><subfield code="w">(DLC)sn 90066255</subfield><subfield code="w">(OCoLC)22174051</subfield></datafield></record>